<record><leader>00000cas a22000007a 4500</leader><controlfield tag="001">14175103</controlfield><controlfield tag="008">860903d19561964txuwr ne      0    0eng d</controlfield><datafield ind1=" " ind2=" " tag="010"><subfield code="a">sn 86088806 </subfield></datafield><datafield ind1=" " ind2=" " tag="040"><subfield code="a">PPM</subfield><subfield code="b">eng</subfield><subfield code="c">PPM</subfield><subfield code="d">SLU</subfield><subfield code="d">OCLCQ</subfield></datafield><datafield ind1=" " ind2=" " tag="042"><subfield code="a">msc</subfield></datafield><datafield ind1="0" ind2="0" tag="245"><subfield code="a">Dell Valley review.</subfield></datafield><datafield ind1=" " ind2=" " tag="260"><subfield code="a">Dell City, Tex. :</subfield><subfield code="b">[s.n.],</subfield><subfield code="c">1956-1964.</subfield></datafield><datafield ind1=" " ind2=" " tag="300"><subfield code="a">v. :</subfield><subfield code="b">ill.</subfield></datafield><datafield ind1=" " ind2=" " tag="310"><subfield code="a">Weekly</subfield></datafield><datafield ind1="0" ind2=" " tag="362"><subfield code="a">Vol. 1, no. 1 (Aug. 22, 1956)-v. 8, no. 51 (Aug. 13, 1964).</subfield></datafield><datafield ind1=" " ind2=" " tag="580"><subfield code="a">Merged with: Hudspeth County herald, to form: Hudspeth County herald and Dell Valley review.</subfield></datafield><datafield ind1=" " ind2=" " tag="752"><subfield code="a">United States</subfield><subfield code="b">Texas</subfield><subfield code="c">Hudspeth</subfield><subfield code="d">Dell City.</subfield></datafield><datafield ind1="1" ind2="7" tag="785"><subfield code="t">Hudspeth County herald</subfield></datafield><datafield ind1="1" ind2="7" tag="785"><subfield code="t">Hudspeth County herald and Dell Valley review</subfield><subfield code="w">(DLC)sn 86088807</subfield><subfield code="w">(OCoLC)14175453</subfield></datafield></record>